<?xml version="1.0" encoding="UTF-8"?><record xmlns="http://www.loc.gov/MARC21/slim" xmlns:cinclude="http://apache.org/cocoon/include/1.0" xmlns:zs="http://www.loc.gov/zing/srw/">
  <leader>00653cz  a2200121n  4500</leader>
  <controlfield tag="001">n 2011030920</controlfield>
  <controlfield tag="003">DLC</controlfield>
  <controlfield tag="005">20110510074753.0</controlfield>
  <controlfield tag="008">110509n| acannaabn          |n aaa      </controlfield>
  <datafield tag="010" ind1=" " ind2=" ">
    <subfield code="a">n 2011030920</subfield>
  </datafield>
  <datafield tag="040" ind1=" " ind2=" ">
    <subfield code="a">DLC</subfield>
    <subfield code="b">eng</subfield>
    <subfield code="c">DLC</subfield>
  </datafield>
  <datafield tag="100" ind1="1" ind2=" ">
    <subfield code="a">Massey, Kyle,</subfield>
    <subfield code="d">1991-</subfield>
  </datafield>
  <datafield tag="670" ind1=" " ind2=" ">
    <subfield code="a">Kyle Massey, 2011:</subfield>
    <subfield code="b">ECIP data view (b. August 28, 1991;  African American actor, dancer, singer and rapper from Atlanta, Georgia; he is perhaps best known for starring in the Disney Channel sitcom That's so Raven, in which he played Cory Baxter, and, in the Disney show, Cory in the house, a spin-off of That's So Raven; currently the voice of Milo in the Disney animated series, Fish Hooks)</subfield>
  </datafield>
</record>